<?xml version="1.0" encoding="UTF-8"?><record xmlns="http://www.loc.gov/MARC21/slim" xmlns:cinclude="http://apache.org/cocoon/include/1.0" xmlns:zs="http://www.loc.gov/zing/srw/">
  <leader>00581cz  a2200157n  4500</leader>
  <controlfield tag="001">n  00120554 </controlfield>
  <controlfield tag="003">DLC</controlfield>
  <controlfield tag="005">20140917073738.0</controlfield>
  <controlfield tag="008">000317n| azannaabn          |n aaa      </controlfield>
  <datafield tag="010" ind1=" " ind2=" ">
    <subfield code="a">n  00120554 </subfield>
  </datafield>
  <datafield tag="035" ind1=" " ind2=" ">
    <subfield code="a">(DNLM)1117425</subfield>
  </datafield>
  <datafield tag="035" ind1=" " ind2=" ">
    <subfield code="a">(OCoLC)oca05178689</subfield>
  </datafield>
  <datafield tag="040" ind1=" " ind2=" ">
    <subfield code="a">DNLM</subfield>
    <subfield code="b">eng</subfield>
    <subfield code="e">rda</subfield>
    <subfield code="c">DNLM</subfield>
    <subfield code="d">DNLM</subfield>
  </datafield>
  <datafield tag="100" ind1="1" ind2=" ">
    <subfield code="a">Bonjer, H. J.</subfield>
    <subfield code="q">(H. Jaap)</subfield>
  </datafield>
  <datafield tag="378" ind1=" " ind2=" ">
    <subfield code="q">H. Jaap</subfield>
  </datafield>
  <datafield tag="670" ind1=" " ind2=" ">
    <subfield code="a">Port-site and wound recurrences in cancer surgery, c2000:</subfield>
    <subfield code="b">CIP t.p. (H.J. Bonjer) t.p. verso (H. Jaap Bonjer, M.D., Ph.D.; hd., Laparoscopic Surg. &amp; acting hd., Endocrine Surg., Univ. Hosp. Rotterdam, Netherlands)</subfield>
  </datafield>
</record>